<record><leader>00000cas a22000007a 4500</leader><controlfield tag="001">41883509</controlfield><controlfield tag="008">990715d19721976tnudn ne      0    0eng d</controlfield><datafield ind1=" " ind2=" " tag="010"><subfield code="a">sn 99065861 </subfield></datafield><datafield ind1=" " ind2=" " tag="040"><subfield code="a">TGN</subfield><subfield code="b">eng</subfield><subfield code="c">TGN</subfield><subfield code="d">OCLCF</subfield><subfield code="d">OCLCO</subfield></datafield><datafield ind1=" " ind2=" " tag="042"><subfield code="a">msc</subfield></datafield><datafield ind1="0" ind2="0" tag="245"><subfield code="a">Daily post news.</subfield></datafield><datafield ind1="3" ind2="0" tag="246"><subfield code="a">Post news</subfield></datafield><datafield ind1=" " ind2=" " tag="260"><subfield code="a">Kingsport, Tenn. :</subfield><subfield code="b">Kingsport Post Inc.,</subfield><subfield code="c">1972-1976.</subfield></datafield><datafield ind1=" " ind2=" " tag="300"><subfield code="a">v.</subfield></datafield><datafield ind1=" " ind2=" " tag="310"><subfield code="a">Daily (except Sat. &amp; Sun.)</subfield></datafield><datafield ind1="0" ind2=" " tag="362"><subfield code="a">Vol. 2, no. 204 (Oct. 16, 1972)-v. 6, no. 132 (July 2, 1976).</subfield></datafield><datafield ind1=" " ind2=" " tag="500"><subfield code="a">"Post" appears as part of the masthead ornament.</subfield></datafield><datafield ind1=" " ind2=" " tag="580"><subfield code="a">Weekly eds.: Kingsport post, 1972-1974; Kingsport post-news weekly, 1974-1975; Post news (Kingsport, Tenn.), 1975-1976.</subfield></datafield><datafield ind1=" " ind2="0" tag="651"><subfield code="a">Kingsport (Tenn.)</subfield><subfield code="v">Newspapers.</subfield></datafield><datafield ind1=" " ind2="0" tag="651"><subfield code="a">Sullivan County (Tenn.)</subfield><subfield code="v">Newspapers.</subfield></datafield><datafield ind1=" " ind2="7" tag="655"><subfield code="a">Newspapers.</subfield><subfield code="2">fast</subfield><subfield code="0">(OCoLC)fst01423814</subfield></datafield><datafield ind1=" " ind2="7" tag="651"><subfield code="a">Tennessee</subfield><subfield code="z">Kingsport.</subfield><subfield code="2">fast</subfield><subfield code="0">(OCoLC)fst01215433</subfield></datafield><datafield ind1=" " ind2="7" tag="651"><subfield code="a">Tennessee</subfield><subfield code="z">Sullivan County.</subfield><subfield code="2">fast</subfield><subfield code="0">(OCoLC)fst01207171</subfield></datafield><datafield ind1=" " ind2=" " tag="752"><subfield code="a">United States</subfield><subfield code="b">Tennessee</subfield><subfield code="c">Sullivan</subfield><subfield code="d">Kingsport.</subfield></datafield><datafield ind1="1" ind2=" " tag="775"><subfield code="t">Kingsport post</subfield><subfield code="w">(DLS)sn 99065856</subfield></datafield><datafield ind1="1" ind2=" " tag="775"><subfield code="t">Kingsport post-news weekly</subfield><subfield code="w">(DLC)sn 99065857</subfield></datafield><datafield ind1="1" ind2=" " tag="775"><subfield code="t">Post news (Kingsport, Tenn.)</subfield><subfield code="w">(DLC)sn 99065858</subfield></datafield><datafield ind1="0" ind2="0" tag="780"><subfield code="t">Daily news (Kingsport, Tenn. : 1971)</subfield><subfield code="w">(DLC)sn 99065860</subfield></datafield><datafield ind1="0" ind2="0" tag="785"><subfield code="t">Daily news (Kingsport, Tenn. : 1976)</subfield><subfield code="w">(DLC)sn 99065862</subfield></datafield></record>